<record><leader>00000cas a22000007a 4500</leader><controlfield tag="001">10880497</controlfield><controlfield tag="008">840625c19589999aluwr ne      0   a0eng d</controlfield><datafield ind1=" " ind2=" " tag="010"><subfield code="a">sn 84006225 </subfield></datafield><datafield ind1=" " ind2=" " tag="040"><subfield code="a">NSD</subfield><subfield code="b">eng</subfield><subfield code="c">NSD</subfield><subfield code="d">CPN</subfield><subfield code="d">NSD</subfield><subfield code="d">OCLCQ</subfield></datafield><datafield ind1=" " ind2=" " tag="012"><subfield code="j">0</subfield><subfield code="k">1</subfield><subfield code="m">1</subfield></datafield><datafield ind1="1" ind2=" " tag="022"><subfield code="a">0747-4512</subfield><subfield code="l">0747-4512</subfield><subfield code="2">1</subfield></datafield><datafield ind1=" " ind2=" " tag="032"><subfield code="a">488990</subfield><subfield code="b">USPS</subfield></datafield><datafield ind1=" " ind2=" " tag="037"><subfield code="b">News Herald, POB 1467, Mobile, AL 36633-1467</subfield></datafield><datafield ind1=" " ind2=" " tag="042"><subfield code="a">nsdp</subfield></datafield><datafield ind1="0" ind2=" " tag="130"><subfield code="a">News-herald (Chickasaw, Ala.)</subfield></datafield><datafield ind1=" " ind2="4" tag="222"><subfield code="a">The News herald</subfield><subfield code="b">(Chickasaw, Ala.)</subfield></datafield><datafield ind1="1" ind2="4" tag="245"><subfield code="a">The News-herald.</subfield></datafield><datafield ind1=" " ind2=" " tag="260"><subfield code="a">Chickasaw, Ala. :</subfield><subfield code="b">M.S. Howell</subfield></datafield><datafield ind1=" " ind2=" " tag="300"><subfield code="a">v.</subfield></datafield><datafield ind1=" " ind2=" " tag="310"><subfield code="a">Weekly</subfield></datafield><datafield ind1="1" ind2=" " tag="362"><subfield code="a">Began in 1958.</subfield></datafield><datafield ind1=" " ind2=" " tag="500"><subfield code="a">Also published in Saraland, Ala.</subfield></datafield><datafield ind1=" " ind2=" " tag="500"><subfield code="a">Published: Mobile, AL : Cordell Publications, &lt;Apr. 4, 1991-&gt;</subfield></datafield><datafield ind1=" " ind2=" " tag="588"><subfield code="a">Description based on: Vol. 9, no. 40 (Apr. 3, 1958).</subfield></datafield><datafield ind1=" " ind2=" " tag="588"><subfield code="a">Latest issue consulted: Vol. 45, no. 14 (Apr. 4, 1991).</subfield></datafield><datafield ind1=" " ind2=" " tag="752"><subfield code="a">United States</subfield><subfield code="b">Alabama</subfield><subfield code="c">Mobile</subfield><subfield code="d">Chickasaw.</subfield></datafield><datafield ind1=" " ind2=" " tag="752"><subfield code="a">United States</subfield><subfield code="b">Alabama</subfield><subfield code="c">Mobile</subfield><subfield code="d">Saraland.</subfield></datafield><datafield ind1=" " ind2=" " tag="752"><subfield code="a">United States</subfield><subfield code="b">Alabama</subfield><subfield code="c">Mobile</subfield><subfield code="d">Mobile.</subfield></datafield><datafield ind1="0" ind2="0" tag="780"><subfield code="a">Chickasaw news</subfield><subfield code="w">(DLC)sn 88050161</subfield></datafield></record>